@book{latex-comp,
		title={The LaTeX Companion},
		author={Frank Mittelbach and Michel Goossens},
		edition=2,
		year=2004,
		isbn={0-201-36299-6},
		publisher={Addison-Wesley Professional},
		pagetotal=1120,
	}
	
@book{lamport,
		title={LaTeX: A Document Preparation System},
		author={Leslie Lamport},
		edition=2,
		year=1994,
		isbn={0-201-52983-1},
		publisher={Addison-Wesley Professional},
		pagetotal=288,
	}
	
@online{latex-pro,
		organization={LaTeX3 Project Team},
		title={Introduction to LaTeX},
		url={https://www.latex-project.org/about/},
	}
	
@online{ctan,
		organization={CTAN team},
		title={What are TeX and its friends?},
		url={https://www.ctan.org/tex/},
	}

@manual{gsem,
		title={The \emph{\ttfamily gsemthesis} class},
		author={Emmanuel Rousseaux},
		date={2015-02-09},
		edition={v0.9.4},
		institution={Geneva School of Economics and Management},
		location={Uni Mail, Boulevard du Pont-d'Arve 40, 1205 Genève, Switzerland},
		url={http://mirrors.ctan.org/macros/latex/contrib/gsemthesis/gsemthesis.pdf},
	}

@manual{babel,
		title={Babel},
		author={Johannes L. Braams and Javier Bezos},
		edition={v3.15},
		date={2017-11-03},
		url={http://mirror.kku.ac.th/CTAN/macros/latex/required/babel/base/babel.pdf}
	}

@online{kile,
		organization={Jonathan Pechta et al},
		title={The Kile Handbook},
		url={https://docs.kde.org/stable4/en/extragear-office/kile/index.html},
	}

@online{sharelatex,
		organization={ShareLaTeX team},
		title={Learn LaTeX in 30 minutes},
		url={https://www.sharelatex.com/learn/Learn_LaTeX_in_30_minutes}
	}
	
@manual{class,
		title={Standard Document Classes for LaTeX version 2e},
		author={Johannes L. Braams and Frank Mittelbach},
		edition={v1.4h},
		date={2014-09-29},
		url={http://mirror.kku.ac.th/CTAN/macros/latex/base/classes.pdf}
	}

@manual{inputenc,
		title={\emph{\ttfamily inputenc.sty}},
		edition={v1.2c},
		author={Alan Jeffrey and Frank Mittelbach},
		date={2015-03-17},
		url={http://mirror.kku.ac.th/CTAN/macros/latex/base/inputenc.pdf}
	}
		
@manual{biblatex,
		title={The \emph{\ttfamily biblatex} package},
		edition={v3.9},
		author={Philipp Lehman et al},
		date={2017-12-19},
		url={http://mirror.kku.ac.th/CTAN/macros/latex/contrib/biblatex/doc/biblatex.pdf}
	}
	
@manual{etoolbox,
		title={The \emph{\ttfamily etoolbox} package},
		edition={v2.5},
		author={Philipp Lehman and Joseph Wright},
		date={2017-11-22},
		url={http://mirror.kku.ac.th/CTAN/macros/latex/contrib/etoolbox/etoolbox.pdf}
	}
	
@manual{multirow,
		title={The \emph{\ttfamily multirow}, \emph{\ttfamily bigstrut}, \emph{\ttfamily bigdelim} packages},
		edition={v2.2},
		author={Piet van Oostrum et al},
		date={2016-11-25},
		url={http://mirror.kku.ac.th/CTAN/macros/latex/contrib/multirow/multirow.pdf}
	}
	
@manual{wrapfig,
		title={The \emph{\ttfamily wrapfig} package},
		edition={v3.6},
		author={Donald Arseneau},
		date={2003-01-31},
		url={http://mirror.kku.ac.th/CTAN/macros/latex/contrib/wrapfig/wrapfig-doc.pdf}
	}

@manual{array,
		title={A new implementation of LaTeX’s \emph{\ttfamily tabular} and \emph{\ttfamily array} environment},
		edition={v2.4d},
		author={Frank Mittelbach and David Carlisle},
		date={2017-04-15},
		url={http://mirror.kku.ac.th/CTAN/macros/latex/required/tools/array.pdf}
	}

@manual{notoccite,
		title={The \emph{\ttfamily notoccite} package},
		author={Donald Arseneau},
		date={2000-07-20},
		url={http://mirror.kku.ac.th/CTAN/macros/latex/contrib/notoccite/notoccite.pdf}
	}
	
@manual{url,
		title={\emph{\ttfamily url.sty} version 3.4},
		author={Donald Arseneau},
		date={2013-09-16},
		url={http://mirror.kku.ac.th/CTAN/macros/latex/contrib/url/url.pdf}
	}
	
@manual{titlesec,
		title={The \emph{\ttfamily titlesec}, \emph{\ttfamily titleps} and \emph{\ttfamily titletoc} Packages},
		author={Javier Bezos},
		date={2016-03-21},
		edition={v2.10.2},
		url={http://mirror.kku.ac.th/CTAN/macros/latex/contrib/titlesec/titlesec.pdf}
	}
	
@manual{caption,
		title={Customizing captions of floating environments},
		author={Axel Sommerfeldt},
		date={2011-11-02},
		url={http://mirror.kku.ac.th/CTAN/macros/latex/contrib/caption/caption-eng.pdf}
	}
	
@manual{subcaption,
		title={The \emph{\ttfamily subcaption} package},
		author={Axel Sommerfeldt},
		date={2013-04-16},
		edition={v1.1-75},
		url={http://mirror.kku.ac.th/CTAN/macros/latex/contrib/caption/subcaption.pdf}
	}
	
@manual{xcolor,
		title={Extending LaTeX's color facilities: the \emph{\ttfamily xcolor}},
		author={Dr. Uwe Kern},
		date={2016-05-11},
		edition={v2.12},
		url={http://mirror.kku.ac.th/CTAN/macros/latex/contrib/caption/subcaption.pdf}
	}
	
@manual{fancyhdr,
		title={Page layout in LaTeX},
		author={Piet van Oostrum},
		date={2017-06-30},
		edition={v3.6},
		url={http://mirror.kku.ac.th/CTAN/macros/latex/contrib/fancyhdr/fancyhdr.pdf}
	}	

@manual{lstlisting,
		 title={The \emph{\ttfamily Listings} Package},
		 author={Jobst Hoffmann},
		 date={2015-06-04},
		 edition={v1.6},
		 url={http://texdoc.net/texmf-dist/doc/latex/listings/listings.pdf}
	}
	
@manual{tocloft,
		 title={The \emph{\ttfamily tocloft} package},
		 author={Peter Wilson and Herries Press},
		 date={2017-08-31},
		 edition={v2.3i},
		 url={http://mirror.kku.ac.th/CTAN/macros/latex/contrib/tocloft/tocloft.pdf}
	}
	
@manual{glossaries,
		 title={The glossaries package v4.35: a guide for beginners},
		 author={Nicola L.C. Talbot},
		 date={2017-11-14},
		 url={http://mirror.kku.ac.th/CTAN/macros/latex/contrib/glossaries/glossariesbegin.pdf}
	}
		  
		
