@book{thongke,
		title={Lý thuyết xác suất và thống kê toán},
		author={Tô Anh Dũng},
		publisher={Đại học Quốc gia TP Hồ Chí Minh},
		
	}
	
@book{vegas,
		title={A New Algorithm for Adaptive Multidimensional Integration},
		author={G. Peter Lepage},
		year=1978,
		publisher={Academic Press},
		pagetotal=12,
	}
@book{latex-comp,
		title={Numerical Recipes: The Art of Scientific Computing},
		author={Frank Mittelbach and Michel Goossens},
		edition=2,
		year=2004,
		isbn={0-201-36299-6},
		publisher={Addison-Wesley Professional},
		pagetotal=1120,
	}	  
		
